@book{spivak,
		author = {Michael Spivak},
		year = {1965},
		title = {Calculus on Manifolds},
		publisher = {Perseus Books Publishing L.L.C.} 
}

@book{
		munkres,
		author = {James Munkres},
		year = {1991},
		title = {Analysis on Manifolds},
		publisher = {Addison-Wesley Publishing Company}
}

@misc{
		napkin,
		title = {An Infinitely Large Napkin},
		author = {Evan Chen},
		howpublished = {\url{https://venhance.github.io/napkin/Napkin.pdf}},
		date = {2022} 
}
